@article{wiegand2003overview,
  title={Overview of the H. 264/AVC video coding standard},
  author={Wiegand, Thomas and Sullivan, Gary J and Bjontegaard, Gisle and Luthra, Ajay},
  journal={Circuits and Systems for Video Technology, IEEE Transactions on},
  volume={13},
  number={7},
  pages={560--576},
  year={2003},
  publisher={IEEE}
}
@inproceedings{zhao2012architecture,
  title={The architecture design of streaming media applications for Android OS},
  author={Zhao, Xueliang and Tian, Dan},
  booktitle={Software Engineering and Service Science (ICSESS), 2012 IEEE 3rd International Conference on},
  pages={280--283},
  year={2012},
  organization={IEEE}
}
@article{lam2008xml,
  title={XML Document Parsing: Operational and Performance Characteristics.},
  author={Lam, Tak Cheung and Ding, Jianxun Jason and Liu, Jyh-Charn},
  journal={IEEE Computer},
  volume={41},
  number={9},
  pages={30--37},
  year={2008}
}

@article{xmlpullparser,
  title={Android XML Processing with the XmlPullParser Version 1.3},
  author={Lars Vogel}
 year={2012}

}




